<record><leader>00000cas a22000007a 4500</leader><controlfield tag="001">16932703</controlfield><controlfield tag="008">871103d19361973ohudn ne      0    0eng d</controlfield><datafield ind1=" " ind2=" " tag="010"><subfield code="a">sn 87076810 </subfield></datafield><datafield ind1=" " ind2=" " tag="040"><subfield code="a">ONP</subfield><subfield code="b">eng</subfield><subfield code="c">ONP</subfield><subfield code="d">NPI</subfield><subfield code="d">ONP</subfield><subfield code="d">OCLCQ</subfield></datafield><datafield ind1=" " ind2=" " tag="042"><subfield code="a">msc</subfield></datafield><datafield ind1="0" ind2="4" tag="245"><subfield code="a">The Van Wert times-bulletin.</subfield></datafield><datafield ind1=" " ind2=" " tag="260"><subfield code="a">Van Wert, Ohio :</subfield><subfield code="b">Van Wert Pub. Co.,</subfield><subfield code="c">1936-1973.</subfield></datafield><datafield ind1=" " ind2=" " tag="300"><subfield code="a">v.</subfield></datafield><datafield ind1=" " ind2=" " tag="310"><subfield code="a">Daily (except Sun.)</subfield></datafield><datafield ind1="0" ind2=" " tag="362"><subfield code="a">91st year, no. 1 (May 18, 1936)-v. 127, no. 265 (Mar. 31, 1973).</subfield></datafield><datafield ind1=" " ind2="4" tag="651"><subfield code="a">Van Wert (Ohio)</subfield><subfield code="v">Newspapers.</subfield></datafield><datafield ind1=" " ind2="4" tag="651"><subfield code="a">Van Wert County (Ohio)</subfield><subfield code="v">Newspapers.</subfield></datafield><datafield ind1=" " ind2=" " tag="752"><subfield code="a">United States</subfield><subfield code="b">Ohio</subfield><subfield code="c">Van Wert</subfield><subfield code="d">Van Wert.</subfield></datafield><datafield ind1="0" ind2="4" tag="780"><subfield code="t">Van Wert daily bulletin</subfield><subfield code="w">(DLC)sn 87076808</subfield></datafield><datafield ind1="0" ind2="4" tag="780"><subfield code="t">Van Wert times (Van Wert, Ohio : 1919)</subfield><subfield code="w">(DLC)sn 87076809</subfield></datafield><datafield ind1="0" ind2="0" tag="785"><subfield code="t">Times-bulletin</subfield><subfield code="w">(DLC)sn 84006846</subfield></datafield><datafield ind1="1" ind2=" " tag="029"><subfield code="a">AU@</subfield><subfield code="b">000025801874</subfield></datafield></record>